@book{andrilli2016linear,
  author = {Andrilli, Stephen and Hecker, David},
  title = {Elementary Linear Algebra},
  publisher = {Academic Press},
  year = {2016},
  edition = {5}
}

@book{treil2017linear,
  author = {Treil, Sergei},
  title = {Linear Algebra Done Wrong},
  publisher = {Academic Press},
  year = {2016}
}

@book{axler2024linear,
  author = {Axler, Sheldon},
  title = {Linear Algebra Done Right},
  publisher = {Springer},
  year = {2024},
  edition = {4}
}

@book{olver2006applied,
  author = {Olver, Peter J. and Shakiban, Chehrzad},
  title = {Applied Linear Algebra},
  publisher = {Springer},
  year = {2010},
  edition = {2}
}
@book{levin2021discrete,
  author = {Levin, Oscar},
  title = {Discrete Mathematics: An Open Introduction},
  url = {http://discrete.openmathbooks.org},
  publisher={Oscar Levin},
  year = {2021},
  edition = {3}
}

@book{hammack2018book,
  author = {Hammack, Richard H.},
  title = {Book of Proof},
  url = {https://richardhammack.github.io/BookOfProof/},
  year = {2018},
  publisher={Richard Hammack},
  edition = {3}
}
